@inproceedings
{ norrell:agda:2008,
  author = {Ulf Norrell and James Chapman},
  title = {Dependently typed programming in {Agda}},
  booktitle = {Proceedings of the 6th International Conference on Advanced Functional Programming {(AFP)}},
  pages = {230--266},
  year = {2008}
}
